@article{tosato2013characterizing,
  title={Characterizing humans on riemannian manifolds},
  author={Tosato, Diego and Spera, Mauro and Cristani, Marco and Murino, Vittorio},
  journal={IEEE transactions on pattern analysis and machine intelligence},
  volume={35},
  number={8},
  pages={1972--1984},
  year={2013},
  publisher={IEEE}
}

@article{arjovsky2017wasserstein,
  title={Wasserstein gan},
  author={Arjovsky, Martin and Chintala, Soumith and Bottou, L{\'e}on},
  journal={arXiv preprint arXiv:1701.07875},
  year={2017}
}

@inproceedings{beyer2015biternion,
  title={Biternion nets: Continuous head pose regression from discrete training labels},
  author={Beyer, Lucas and Hermans, Alexander and Leibe, Bastian},
  booktitle={German Conference on Pattern Recognition},
  pages={157--168},
  year={2015},
  organization={Springer}
}


@article{prokudin2018deep,
  title={Deep Directional Statistics: Pose Estimation with Uncertainty Quantification},
  author={Prokudin, Sergey and Gehler, Peter and Nowozin, Sebastian},
  journal={ECCV},
  year={2018}
}


@inproceedings{baltieri2012people,
  title={People orientation recognition by mixtures of wrapped distributions on random trees},
  author={Baltieri, Davide and Vezzani, Roberto and Cucchiara, Rita},
  booktitle={European conference on computer vision},
  pages={270--283},
  year={2012},
  organization={Springer}
}

@article{hara2017growing,
  title={Growing regression tree forests by classification for continuous object pose estimation},
  author={Hara, Kota and Chellappa, Rama},
  journal={International Journal of Computer Vision},
  volume={122},
  number={2},
  pages={292--312},
  year={2017},
  publisher={Springer}
}

@article{hara2017designing,
  title={Designing deep convolutional neural networks for continuous object orientation estimation},
  author={Hara, Kota and Vemulapalli, Raviteja and Chellappa, Rama},
  journal={arXiv preprint arXiv:1702.01499},
  year={2017}
}



@article{yang2018hierarchical,
  title={Hierarchical sliding slice regression for vehicle viewing angle estimation},
  author={Yang, Dan and Qian, Yanlin and Chen, Ke and Berki, Eleni and K{\"a}m{\"a}r{\"a}inen, Joni-Kristian},
  journal={IEEE Transactions on Intelligent Transportation Systems},
  volume={19},
  number={6},
  pages={2035--2042},
  year={2018},
  publisher={IEEE}
}







@inproceedings{tulsiani2015viewpoints,
  title={Viewpoints and keypoints},
  author={Tulsiani, Shubham and Malik, Jitendra},
  booktitle={Proceedings of the IEEE Conference on Computer Vision and Pattern Recognition},
  pages={1510--1519},
  year={2015}
}


@inproceedings{su2015render,
  title={Render for cnn: Viewpoint estimation in images using cnns trained with rendered 3d model views},
  author={Su, Hao and Qi, Charles R and Li, Yangyan and Guibas, Leonidas J},
  booktitle={Proceedings of the IEEE International Conference on Computer Vision},
  pages={2686--2694},
  year={2015}
}


@inproceedings{mousavian20173d,
  title={3d bounding box estimation using deep learning and geometry},
  author={Mousavian, Arsalan and Anguelov, Dragomir and Flynn, John and Ko{\v{s}}eck{\'a}, Jana},
  booktitle={Computer Vision and Pattern Recognition (CVPR), 2017 IEEE Conference on},
  pages={5632--5640},
  year={2017},
  organization={IEEE}
}

@inproceedings{pavlakos20176,
  title={6-dof object pose from semantic keypoints},
  author={Pavlakos, Georgios and Zhou, Xiaowei and Chan, Aaron and Derpanis, Konstantinos G and Daniilidis, Kostas},
  booktitle={Robotics and Automation (ICRA), 2017 IEEE International Conference on},
  pages={2011--2018},
  year={2017},
  organization={IEEE}
}

@article{mahendran2018mixed,
  title={A mixed classification-regression framework for 3D pose estimation from 2D images},
  author={Mahendran, Siddharth and Ali, Haider and Vidal, Rene},
  journal={BMVC},
  year={2018}
}



@inproceedings{grabner20183d,
  title={3d pose estimation and 3d model retrieval for objects in the wild},
  author={Grabner, Alexander and Roth, Peter M and Lepetit, Vincent},
  booktitle={Proceedings of the IEEE Conference on Computer Vision and Pattern Recognition},
  pages={3022--3031},
  year={2018}
}




@article{zhou2018starmap,
  title={StarMap for Category-Agnostic Keypoint and Viewpoint Estimation},
  author={Zhou, Xingyi and Karpur, Arjun and Luo, Linjie and Huang, Qixing},
  journal={ECCV},
  year={2018}
}






@article{raza2018appearance,
  title={Appearance based pedestriansâ€™ head pose and body orientation estimation using deep learning},
  author={Raza, Mudassar and Chen, Zonghai and Rehman, Saeed-Ur and Wang, Peng and Bao, Peng},
  journal={Neurocomputing},
  volume={272},
  pages={647--659},
  year={2018},
  publisher={Elsevier}
}

@inproceedings{szegedy2016rethinking,
  title={Rethinking the inception architecture for computer vision},
  author={Szegedy, Christian and Vanhoucke, Vincent and Ioffe, Sergey and Shlens, Jon and Wojna, Zbigniew},
  booktitle={Proceedings of the IEEE conference on computer vision and pattern recognition},
  pages={2818--2826},
  year={2016}
}

@article{pereyra2017regularizing,
  title={Regularizing neural networks by penalizing confident output distributions},
  author={Pereyra, Gabriel and Tucker, George and Chorowski, Jan and Kaiser, {\L}ukasz and Hinton, Geoffrey},
  journal={arXiv preprint arXiv:1701.06548},
  year={2017}
}



@inproceedings{crivellaro2015novel,
  title={A novel representation of parts for accurate 3D object detection and tracking in monocular images},
  author={Crivellaro, Alberto and Rad, Mahdi and Verdie, Yannick and Moo Yi, Kwang and Fua, Pascal and Lepetit, Vincent},
  booktitle={Proceedings of the IEEE International Conference on Computer Vision},
  pages={4391--4399},
  year={2015}
}

@inproceedings{rad2017bb8,
  title={BB8: A scalable, accurate, robust to partial occlusion method for predicting the 3D poses of challenging objects without using depth},
  author={Rad, Mahdi and Lepetit, Vincent},
  booktitle={International Conference on Computer Vision},
  volume={1},
  number={4},
  pages={5},
  year={2017}
}

@inproceedings{wu2016single,
  title={Single image 3d interpreter network},
  author={Wu, Jiajun and Xue, Tianfan and Lim, Joseph J and Tian, Yuandong and Tenenbaum, Joshua B and Torralba, Antonio and Freeman, William T},
  booktitle={European Conference on Computer Vision},
  pages={365--382},
  year={2016},
  organization={Springer}
}



@inproceedings{elhoseiny2016comparative,
  title={A comparative analysis and study of multiview CNN models for joint object categorization and pose estimation},
  author={Elhoseiny, Mohamed and El-Gaaly, Tarek and Bakry, Amr and Elgammal, Ahmed},
  booktitle={International Conference on Machine learning},
  pages={888--897},
  year={2016}
}


@article{massa2014convolutional,
  title={Convolutional neural networks for joint object detection and pose estimation: A comparative study},
  author={Massa, Francisco and Aubry, Mathieu and Marlet, Renaud},
  journal={arXiv preprint arXiv:1412.7190},
  year={2014}
}


@article{massa2016crafting,
  title={Crafting a multi-task CNN for viewpoint estimation},
  author={Massa, Francisco and Marlet, Renaud and Aubry, Mathieu},
  journal={British Machine Vision Conference},
  year={2016}
}


@inproceedings{wang2016viewpoint,
  title={Viewpoint estimation for objects with convolutional neural network trained on synthetic images},
  author={Wang, Yumeng and Li, Shuyang and Jia, Mengyao and Liang, Wei},
  booktitle={Pacific Rim Conference on Multimedia},
  pages={169--179},
  year={2016},
  organization={Springer}
}


@inproceedings{huang2017soft,
  title={Soft-margin mixture of regressions},
  author={Huang, Dong and Han, Longfei and De la Torre, Fernando},
  booktitle={Proc. CVPR},
  year={2017}
}

@article{ruschendorf1985wasserstein,
  title={The Wasserstein distance and approximation theorems},
  author={R{\"u}schendorf, Ludger},
  journal={Probability Theory and Related Fields},
  volume={70},
  number={1},
  pages={117--129},
  year={1985},
  publisher={Springer}
}

@inproceedings{chang2011ordinal,
  title={Ordinal hyperplanes ranker with cost sensitivities for age estimation},
  author={Chang, Kuang-Yu and Chen, Chu-Song and Hung, Yi-Ping},
  booktitle={Computer vision and pattern recognition (cvpr), 2011 ieee conference on},
  pages={585--592},
  year={2011},
  organization={IEEE}
}


@article{bogachev2012monge,
  title={The Monge-Kantorovich problem: achievements, connections, and perspectives},
  author={Bogachev, Vladimir Igorevich and Kolesnikov, Aleksandr Viktorovich},
  journal={Russian Mathematical Surveys},
  volume={67},
  number={5},
  pages={785--890},
  year={2012},
  publisher={Turpion Ltd}
}


@article{rubner2000earth,
  title={The earth mover's distance as a metric for image retrieval},
  author={Rubner, Yossi and Tomasi, Carlo and Guibas, Leonidas J},
  journal={International journal of computer vision},
  volume={40},
  number={2},
  pages={99--121},
  year={2000},
  publisher={Springer}
}

@inproceedings{frogner2015learning,
  title={Learning with a Wasserstein loss},
  author={Frogner, Charlie and Zhang, Chiyuan and Mobahi, Hossein and Araya, Mauricio and Poggio, Tomaso A},
  booktitle={Advances in Neural Information Processing Systems},
  pages={2053--2061},
  year={2015}
}



@article{beckham2016simple,
  title={A simple squared-error reformulation for ordinal classification},
  author={Beckham, Christopher and Pal, Christopher},
  journal={arXiv preprint arXiv:1612.00775},
  year={2016}
}



@inproceedings{mnih2012learning,
  title={Learning to label aerial images from noisy data},
  author={Mnih, Volodymyr and Hinton, Geoffrey E},
  booktitle={Proceedings of the 29th International conference on machine learning (ICML-12)},
  pages={567--574},
  year={2012}
}


@inproceedings{cuturi2013sinkhorn,
  title={Sinkhorn distances: Lightspeed computation of optimal transport},
  author={Cuturi, Marco},
  booktitle={Advances in neural information processing systems},
  pages={2292--2300},
  year={2013}
}


@inproceedings{pele2008linear,
  title={A linear time histogram metric for improved sift matching},
  author={Pele, Ofir and Werman, Michael},
  booktitle={European conference on computer vision},
  pages={495--508},
  year={2008},
  organization={Springer}
}

@article{cha2002measuring,
  title={On measuring the distance between histograms},
  author={Cha, Sung-Hyuk and Srihari, Sargur N},
  journal={Pattern Recognition},
  volume={35},
  number={6},
  pages={1355--1370},
  year={2002},
  publisher={Elsevier}
}


@article{delon2010fast,
  title={Fast transport optimization for Monge costs on the circle},
  author={Delon, Julie and Salomon, Julien and Sobolevski, Andrei},
  journal={SIAM Journal on Applied Mathematics},
  volume={70},
  number={7},
  pages={2239--2258},
  year={2010},
  publisher={SIAM}
}

@inproceedings{martinez2016closed,
  title={A Closed-form Gradient for the 1D Earth Moverâ€™s Distance for Spectral Deep Learning on Biological Data},
  author={Martinez, Manuel and Tapaswi, Makarand and Stiefelhagen, Rainer},
  booktitle={ICML 2016 Workshop on Computational Biology (CompBio@ ICML16)},
  year={2016}
}

@inproceedings{cha2000distance,
  title={Distance between histograms of angular measurements and its application to handwritten character similarity},
  author={Cha, Sung-Hyuk and Srihari, Sargur N},
  booktitle={Pattern Recognition, 2000. Proceedings. 15th International Conference on},
  volume={2},
  pages={21--24},
  year={2000},
  organization={IEEE}
}


@article{cha2002fast,
  title={A fast hue-based colour image indexing algorithm},
  author={Cha, Sung-Hyuk},
  journal={Machine Graphics \& Vision International Journal},
  volume={11},
  number={2/3},
  pages={285--295},
  year={2002},
  publisher={Polish Academy of Sciences}
}


@article{marchand2016pose,
  title={Pose estimation for augmented reality: a hands-on survey},
  author={Marchand, Eric and Uchiyama, Hideaki and Spindler, Fabien},
  journal={IEEE transactions on visualization and computer graphics},
  volume={22},
  number={12},
  pages={2633--2651},
  year={2016},
  publisher={IEEE}
}

@article{murphy2009head,
  title={Head pose estimation in computer vision: A survey},
  author={Murphy-Chutorian, Erik and Trivedi, Mohan Manubhai},
  journal={IEEE transactions on pattern analysis and machine intelligence},
  volume={31},
  number={4},
  pages={607--626},
  year={2009},
  publisher={IEEE}
}


@book{ambrosio2003optimal,
  title={Optimal Transportation and Applications: Lectures given at the CIME Summer School held in Martina Franca, Italy, September 2--8, 2001},
  author={Ambrosio, Luigi and Brenier, Yann and Buttazzo, Giuseppe and Villani, C{\'e}dric},
  year={2003},
  publisher={Springer}
}

@book{villani2003topics,
  title={Topics in optimal transportation},
  author={Villani, C{\'e}dric},
  number={58},
  year={2003},
  publisher={American Mathematical Soc.}
}

@article{werman1986bipartite,
  title={Bipartite graph matching for points on a line or a circle},
  author={Werman, Michael and Peleg, Shmuel and Melter, Robert and Kong, T Yung},
  journal={Journal of Algorithms},
  volume={7},
  number={2},
  pages={277--284},
  year={1986},
  publisher={Elsevier}
}


@article{cabrelli1995kantorovich,
  title={The Kantorovich metric for probability measures on the circle},
  author={Cabrelli, Carlos A and Molter, Ursula M},
  journal={Journal of Computational and Applied Mathematics},
  volume={57},
  number={3},
  pages={345--361},
  year={1995},
  publisher={Elsevier}
}


@article{cabrelli1998linear,
  title={A linear time algorithm for a matching problem on the circle},
  author={Cabrelli, Carlos A and Molter, Ursula M},
  journal={Information processing letters},
  volume={66},
  number={3},
  pages={161--164},
  year={1998},
  publisher={Elsevier North-Holland, Inc.}
}




@article{burkard2009society,
  title={Society for Industrial and Applied Mathematics, Assignment problems. Philadelphia (Pa.): SIAM},
  author={Burkard, R and Dellâ€™Amico, M and Martello, S},
  journal={Society for Industrial and Applied Mathematics},
  year={2009}
}


@article{orlin1993faster,
  title={A faster strongly polynomial minimum cost flow algorithm},
  author={Orlin, James B},
  journal={Operations research},
  volume={41},
  number={2},
  pages={338--350},
  year={1993},
  publisher={INFORMS}
}


@article{rizzo2016energy,
  title={Energy distance},
  author={Rizzo, Maria L and Sz{\'e}kely, G{\'a}bor J},
  journal={Wiley Interdisciplinary Reviews: Computational Statistics},
  volume={8},
  number={1},
  pages={27--38},
  year={2016},
  publisher={Wiley Online Library}
}

@article{rabin2009statistical,
  title={A statistical approach to the matching of local features},
  author={Rabin, Julien and Delon, Julie and Gousseau, Yann},
  journal={SIAM Journal on Imaging Sciences},
  volume={2},
  number={3},
  pages={931--958},
  year={2009},
  publisher={SIAM}
}

@article{shen1983generalized,
  title={Generalized texture representation and metric},
  author={Shen, Helen C and Wong, Andrew KC},
  journal={Computer vision, graphics, and image processing},
  volume={23},
  number={2},
  pages={187--206},
  year={1983},
  publisher={Elsevier}
}


@article{werman1985distance,
  title={A distance metric for multidimensional histograms},
  author={Werman, Michael and Peleg, Shmuel and Rosenfeld, Azriel},
  journal={Computer Vision, Graphics, and Image Processing},
  volume={32},
  number={3},
  pages={328--336},
  year={1985},
  publisher={Elsevier}
}

@inproceedings{pele2009fast,
  title={Fast and robust Earth Mover's Distances.},
  author={Pele, Ofir and Werman, Michael},
  booktitle={ICCV},
  volume={9},
  pages={460--467},
  year={2009}
}
  
  
  @article{simonyan2014very,
  title={Very deep convolutional networks for large-scale image recognition},
  author={Simonyan, Karen and Zisserman, Andrew},
  journal={arXiv preprint arXiv:1409.1556},
  year={2014}
}

@misc{fisher2005caviar,
  title={CAVIAR: Context aware vision using image-based active recognition},
  author={Fisher, Robert and Santos-Victor, Jose and Crowley, James},
  journal={2011-11-01]. http://homepages. inf. ed. ae. uk/rbf/CAVIAR/eaviar. htm},
  year={2005}
}

@inproceedings{andriluka2010monocular,
  title={Monocular 3d pose estimation and tracking by detection},
  author={Andriluka, Mykhaylo and Roth, Stefan and Schiele, Bernt},
  booktitle={Computer Vision and Pattern Recognition (CVPR), 2010 IEEE Conference on},
  pages={623--630},
  year={2010},
  organization={IEEE}
}


@inproceedings{ozuysal2009pose,
  title={Pose estimation for category specific multiview object localization},
  author={Ozuysal, Mustafa and Lepetit, Vincent and Fua, Pascal},
  booktitle={Computer Vision and Pattern Recognition, 2009. CVPR 2009. IEEE Conference on},
  pages={778--785},
  year={2009},
  organization={IEEE}
}



@inproceedings{he2016deep,
  title={Deep residual learning for image recognition},
  author={He, Kaiming and Zhang, Xiangyu and Ren, Shaoqing and Sun, Jian},
  booktitle={Proceedings of the IEEE conference on computer vision and pattern recognition},
  pages={770--778},
  year={2016}
}


@inproceedings{xiang2014beyond,
  title={Beyond pascal: A benchmark for 3d object detection in the wild},
  author={Xiang, Yu and Mottaghi, Roozbeh and Savarese, Silvio},
  booktitle={Applications of Computer Vision (WACV), 2014 IEEE Winter Conference on},
  pages={75--82},
  year={2014},
  organization={IEEE}
}




article{everingham2010pascal,
  title={The pascal visual object classes (voc) challenge},
  author={Everingham, Mark and Van Gool, Luc and Williams, Christopher KI and Winn, John and Zisserman, Andrew},
  journal={International journal of computer vision},
  volume={88},
  number={2},
  pages={303--338},
  year={2010},
  publisher={Springer}
}




@inproceedings{deng2009imagenet,
  title={Imagenet: A large-scale hierarchical image database},
  author={Deng, Jia and Dong, Wei and Socher, Richard and Li, Li-Jia and Li, Kai and Fei-Fei, Li},
  booktitle={Computer Vision and Pattern Recognition, 2009. CVPR 2009. IEEE Conference on},
  pages={248--255},
  year={2009},
  organization={Ieee}
}

@inproceedings{xu2015show,
  title={Show, attend and tell: Neural image caption generation with visual attention},
  author={Xu, Kelvin and Ba, Jimmy and Kiros, Ryan and Cho, Kyunghyun and Courville, Aaron and Salakhudinov, Ruslan and Zemel, Rich and Bengio, Yoshua},
  booktitle={International conference on machine learning},
  pages={2048--2057},
  year={2015}
}





@inproceedings{hou2017squared,
  title={Squared earth movers distance loss for trainingdeep neural networks on orderedclasses},
  author={Hou, Le and Yu, Chen-Ping and Samaras, Dimitris},
  booktitle={NIPS Workshop},
  year={2017}
}

@inproceedings{su2017order,
  title={Order-preserving wasserstein distance for sequence matching},
  author={Su, Bing and Hua, Gang},
  booktitle={IEEE Conference on Computer Vision and Pattern Recognition},
  pages={2906--2914},
  year={2017}
}

@inproceedings{niu2016ordinal,
  title={Ordinal regression with multiple output cnn for age estimation},
  author={Niu, Zhenxing and Zhou, Mo and Wang, Le and Gao, Xinbo and Hua, Gang},
  booktitle={Proceedings of the IEEE conference on computer vision and pattern recognition},
  pages={4920--4928},
  year={2016}
}

@book{berger2013statistical,
  title={Statistical decision theory and Bayesian analysis},
  author={Berger, James O},
  year={2013},
  publisher={Springer Science \& Business Media}
}

@incollection{huber2011robust,
  title={Robust statistics},
  author={Huber, Peter J},
  booktitle={International Encyclopedia of Statistical Science},
  pages={1248--1251},
  year={2011},
  publisher={Springer}
}



@inproceedings{belagiannis2015robust,
  title={Robust optimization for deep regression},
  author={Belagiannis, Vasileios and Rupprecht, Christian and Carneiro, Gustavo and Navab, Nassir},
  booktitle={Proceedings of the IEEE International Conference on Computer Vision},
  pages={2830--2838},
  year={2015}
}

@inproceedings{bekker2016training,
  title={Training deep neural-networks based on unreliable labels},
  author={Bekker, Alan Joseph and Goldberger, Jacob},
  booktitle={Acoustics, Speech and Signal Processing (ICASSP), 2016 IEEE International Conference on},
  pages={2682--2686},
  year={2016},
  organization={IEEE}
}

@article{good1952rational,
  title={Rational decisions},
  author={Good, Irving John},
  journal={Journal of the Royal Statistical Society. Series B (Methodological)},
  pages={107--114},
  year={1952},
  publisher={JSTOR}
}

@article{gneiting2007strictly,
  title={Strictly proper scoring rules, prediction, and estimation},
  author={Gneiting, Tilmann and Raftery, Adrian E},
  journal={Journal of the American Statistical Association},
  volume={102},
  number={477},
  pages={359--378},
  year={2007},
  publisher={Taylor \& Francis}
}


@article{szeto2017click,
  title={Click Here: Human-Localized Keypoints as Guidance},
  author={Szeto, Ryan and Corso, Jason J},
  journal={arXiv preprint arXiv:1703.09859},
  year={2017}
}


@article{divon2018viewpoint,
  title={Viewpoint Estimationâ€”Insights \& Model},
  author={Divon, Gilad and Tal, Ayellet},
  journal={arXiv preprint arXiv:1807.01312},
  year={2018}
}



@article{mortensen2010optimized,
  title={Optimized localization analysis for single-molecule tracking and super-resolution microscopy},
  author={Mortensen, Kim I and Churchman, L Stirling and Spudich, James A and Flyvbjerg, Henrik},
  journal={Nature methods},
  volume={7},
  number={5},
  pages={377},
  year={2010},
  publisher={Nature Publishing Group}
}










@inproceedings{liu2019conservative,
  title={Conservative Wasserstein Training for Pose Estimation},
  author={Liu, Xiaofeng and Zou, Yang and Che, Tong and You, Jane and B.V.K, Kumar},
  booktitle={ICCV},
  year={2019}
}


@inproceedings{liu2018ordinal,
  title={Ordinal Regression with Neuron Stick-breaking for Medical Diagnosis},
  author={Liu, Xiaofeng and Zou, Yang and Song, Yuhang and Yang, Chao and You, Jane and K Vijaya Kumar, BV},
  booktitle={Proceedings of the European Conference on Computer Vision (ECCV)},
  pages={0--0},
  year={2018}
}



@inproceedings{liu2019unimodala,
  title={Unimodal-uniform Constrained Wasserstein Training for Medical Diagnosis},
  author={Liu, Xiaofeng and Han, Xu and Qiao, Yukai and Ge, Yi and Li, Site and Lu, Jun},
  booktitle={ICCV},
  year={2019}
}




@inproceedings{liu2019unimodalb,
  title={Unimodal Regularized Neuron Stick-breaking for Ordinal Classification},
  author={Liu, Xiaofeng and Fan, Fangfang and Kong, Lingsheng and Jia, Ping and Jane, You and Lu, Jun},
  booktitle={ArXiv},
  year={2019}
}



@inproceedings{che2019deep,
  title={Deep Verifier Networks: Verification of Deep Discriminative Models with Deep Generative Models},
  author={Che, Tong and Liu, Xiaofeng and Li, Site and Ge, Yubin and Zhang, Ruixiang and Xiong, Caiming and Bengio, Yoshua},
  booktitle={ArXiv},
  year={2019}
}


@inproceedings{liu2019research,
  title={Research on the technology of deep learning based face image recognition},
  author={Liu, Xiaofeng},
  booktitle={Thesis},
  year={2019}
}


@inproceedings{liu2019dependency,
  title={Dependency-aware Attention Control for Image Set-based Face Recognition},
  author={Liu, Xiaofeng and Guo, Zhenhua and Jia, Jane and Kumar, B.V.K.},
  booktitle={IEEE TIFS},
  year={2019}
}

@inproceedings{liu2018dependency,
  title={Dependency-aware Attention Control for Unconstrained Face Recognition with Image Sets},
  author={Liu, Xiaofeng and B.V.K, Kumar and Yang, Chao and Tang, Qingming and You, Jane},
    year={2018},
    booktitle={European Conference on Computer Vision},
}



@inproceedings{liu2019permutation,
  title={Permutation-invariant Feature Restructuring for Correlation-aware Image Set-based Recognition},
  author={Liu, Xiaofeng and Guo, Zhenhua and Li, Site and You, Jane and B.V.K, Kumar},
    year={2019},
    booktitle={ICCV},
}












@inproceedings{liu2019feature,
  title={Feature-Level Frankenstein: Eliminating Variations for Discriminative Recognition},
  author={Liu, Xiaofeng and Li, Site and Kong, Lingsheng and Xie, Wanqing and Jia, Ping and You, Jane and Kumar, BVK},
  booktitle={Proceedings of the IEEE Conference on Computer Vision and Pattern Recognition},
  pages={637--646},
  year={2019}
}

@inproceedings{liu2018joint,
  title={A joint optimization framework of low-dimensional projection and collaborative representation for discriminative classification},
  author={Liu, Xiaofeng and Li, Zhaofeng and Kong, Lingsheng and Diao, Zhihui and Yan, Junliang and Zou, Yang and Yang, Chao and Jia, Ping and You, Jane},
  booktitle={2018 24th International Conference on Pattern Recognition (ICPR)},
  pages={1493--1498},
}


@article{liu2017line,
  title={Line-scan system for continuous hand authentication},
  author={Liu, Xiaofeng and Kong, Lingsheng and Diao, Zhihui and Jia, Ping},
  journal={Optical Engineering},
  volume={56},
  number={3},
  pages={033106},
  year={2017},
}

@inproceedings{liu2018data,
  title={Data Augmentation via Latent Space Interpolation for Image Classification},
  author={Liu, Xiaofeng and Zou, Yang and Kong, Lingsheng and Diao, Zhihui and Yan, Junliang and Wang, Jun and Li, Site and Jia, Ping and You, Jane},
  booktitle={24th International Conference on Pattern Recognition (ICPR)},
  pages={728--733},
  year={2018},
}



@inproceedings{liu2018normalized,
  title={Normalized face image generation with perceptron generative adversarial networks},
  author={Liu, Xiaofeng and Kumar, BVK Vijaya and Ge, Yubin and Yang, Chao and You, Jane and Jia, Ping},
  booktitle={2018 IEEE 4th International Conference on Identity, Security, and Behavior Analysis (ISBA)},
  pages={1--8},
  year={2018},
}


@inproceedings{liu2017adaptive,
  title={Adaptive deep metric learning for identity-aware facial expression recognition},
  author={Liu, Xiaofeng and Vijaya Kumar, BVK and You, Jane and Jia, Ping},
  booktitle={CVPR Workshops},
  pages={20--29},
  year={2017}
}


@article{liu2019hard,
  title={Hard negative generation for identity-disentangled facial expression recognition},
  author={Liu, Xiaofeng and Kumar, BVK Vijaya and Jia, Ping and You, Jane},
  journal={Pattern Recognition},
  volume={88},
  pages={1--12},
  year={2019},
}



@article{liu2018adaptive,
  title={Adaptive metric learning with deep neural networks for video-based facial expression recognition},
  author={Liu, Xiaofeng and Ge, Yubin and Yang, Chao and Jia, Ping},
  journal={Journal of Electronic Imaging},
  volume={27},
  number={1},
  pages={013022},
  year={2018},
}



@article{zou2019confidence,
  title={Confidence Regularized Self-Training},
  author={Zou, Yang and Yu, Zhiding and Liu, Xiaofeng and Wang, Jingsong and B.V.K., Kumar},
  journal={ICCV},
  year={2019},
}

@inproceedings{kolouri2016sliced,
  title={Sliced Wasserstein kernels for probability distributions},
  author={Kolouri, Soheil and Zou, Yang and Rohde, Gustavo K},
  booktitle={Proceedings of the IEEE Conference on Computer Vision and Pattern Recognition},
  pages={5258--5267},
  year={2016}
}


@inproceedings{han2019unsupervised,
  title={Unsupervised Domain Adaptation via Calibrating Uncertainties},
  author={Han, Ligong and Zou, Yang and Gao, Ruijiang and Wang, Lezi and Metaxas, Dimitris},
  booktitle={Proceedings of the IEEE Conference on Computer Vision and Pattern Recognition Workshops},
  pages={99--102},
  year={2019}
}



